1638 3126
410 175 814 234 Pvmcomvm
869 174 988 220 ΜΒ.
1014 173 1093 219 xi.

89 300 295 363 Eripuere
326 297 482 350 minis,
516 292 778 360 resolutaque
805 291 971 342 vincula
1002 290 1136 341 collo:

68 360 236 431 ¹Atque
263 363 412 413 eadem
443 368 550 413 vit'ae
576 363 710 412 custos
737 379 843 410 mox
871 359 1026 409 deinde
1054 365 1198 428 quIeto

1369 185 1425 233 29

1256 331 1271 383 Ὗ
1323 366 1416 422 385

92 437 273 499 Accepit
302 434 421 481 tellus
453 430 541 481 offa
571 431 769 481 inviolata
799 422 1005 496 sepulcro.

158 506 251 554 Nec
282 506 494 550 Venerem
518 505 671 548 interea
700 499 811 566 fugit
839 497 1074 566 exoptabile
1102 509 1270 566 tempus
1308 558 1309 561 Ἰ

89 574 337 621 Poenorum
370 585 528 620 mentes
558 588 684 618 caeco
714 583 788 635 per?
818 569 920 617 laeta
949 565 1175 633 premendi

89 642 258 701 Exitio,
292 655 332 689 et
362 640 464 689 luxu
496 638 624 689 corda
651 643 898 705 importuna
931 634 1153 686 domandi.

89 855 204 883 renae
233 850 464 896 paruerunt,
478 841 573 883 -vid.
603 841 743 895 Span-.

89 901 192 939 hem.
239 899 286 938 ad
325 898 482 941 Callim.
520 901 637 947 Hym.
684 900 727 937 in

87 954 219 1011 Apoll.
241 971 275 994 v.
294 955 363 1004 68.
392 979 449 989 —
538 961 631 1010 385.
662 955 730 1005 86.

87 1013 366 1061 Alexandriae,
404 1015 470 1053 ubi
499 1016 604 1054 vitae
631 1012 724 1052 salu-

87 1078 166 1110 tem
195 1073 418 1119 invenerat,
458 1070 574 1125 usque
609 1069 656 1109 ad
684 1070 727 1109 fi-

87 1140 176 1166 nem
199 1128 301 1165 vitae
329 1128 474 1168 mansit.
500 1170 505 1175 ,
536 1130 623 1167 Hoc
650 1141 726 1166 ma-

87 1183 269 1223 nifestum
287 1185 338 1222 est
357 1197 403 1223 ex
417 1184 525 1224 Decii
545 1187 726 1225 oratione

84 1240 186 1295 apud
214 1242 293 1282 Liv.
319 1239 342 1281 l.
363 1239 390 1282 l.
555 1291 558 1293 q

146 1301 237 1350 387.
260 1296 360 1350 seqq.
411 1296 594 1337 Inseritur
639 1296 724 1338 lon-

86 1367 177 1405 gum
219 1353 432 1407 episodium
473 1354 520 1393 de
559 1354 722 1405 luxuria,

85 1413 146 1451 cui
181 1411 376 1451 Hannibal
408 1411 562 1466 eiusque
580 1411 725 1452 milites

85 1469 238 1520 Capuae
275 1467 530 1516 indulsissent,
573 1483 723 1524 quaque

84 1527 258 1564 enervati
276 1535 388 1580 atque
404 1524 570 1565 emolliti
591 1526 723 1566 sensim

83 1581 250 1625 fuiffent.
311 1582 467 1622 Fadium
487 1584 527 1622 id
544 1585 608 1632 est,
637 1598 722 1624 cum

83 1640 198 1680 rebus
215 1639 262 1678 ad
281 1638 424 1679 Nolam
455 1642 635 1695 inprimis
663 1643 722 1680 in-

84 1694 255 1735 feliciter
275 1697 400 1746 gestis,
429 1698 469 1736 in
488 1697 651 1737 hiberna
662 1696 734 1738 cai

84 1753 157 1791 stra
176 1755 342 1806 Capuam
357 1753 584 1794 concesserat
615 1758 722 1805 Quae

85 1823 107 1848 a
144 1807 327 1848 Marcello
356 1822 428 1863 pro
455 1811 534 1849 istis
564 1813 722 1851 urbibus

84 1867 338 1920 Campaniae,
379 1866 560 1920 inprimis
603 1867 724 1915 Nola,

83 1923 183 1973 gesta
196 1921 295 1972 sunt,
318 1920 434 1962 Silius
452 1926 623 1963 carmine
639 1938 719 1964 non

31 2015 34 2018 Α
82 1978 271 2033 expreffit.
329 1981 461 2033 Itaque
492 1981 565 2020 hoc
592 1983 720 2035 potius

83 2034 299 2090 episodium
318 2046 447 2075 natum
467 2038 533 2085 est,
559 2051 637 2092 quo
650 2052 718 2092 op.

81 2103 247 2148 pot-tuna
290 2093 433 2134 occano
471 2093 720 2145 offerebatur,

81 2152 211 2191 varios
232 2159 387 2189 ornatus
405 2149 636 2205 explicandi,
658 2166 721 2192 co-

79 2204 301 2261 loribusque
340 2206 424 2246 satis
462 2209 611 2248 acribus
641 2223 717 2249 car·

82 2277 171 2302 men
192 2264 457 2320 distinguendi.
517 2269 625 2319 Quae
643 2268 716 2317 igi-

80 2329 145 2359 tur
164 2322 314 2367 Livius,
346 2334 418 2375 pro
437 2335 558 2370 more,
589 2322 718 2363 sobrie

81 2385 194 2431 atquc
210 2376 403 2427 eleganter
422 2378 469 2418 de
482 2381 620 2419 animis
632 2394 713 2420 cor-

81 2433 314 2529 poribusque
344 2436 717 2487 Carthaginienssum

100 2492 442 2551 uxurie‘corruptis
460 2495 630 2534 narravit
647 2492 717 2537 lib.

81 2547 226 2598 xxm,
256 2553 312 2597 ¹8·
347 2561 392 2588 ca
423 2549 537 2589 Silius
565 2554 718 2606 poetica

80 2606 258 2652 ratione;
287 2607 341 2643 ita
359 2606 487 2645 tamen
505 2606 654 2656 extulit,
675 2619 717 2650 ut

81 2661 111 2701 fi
129 2675 223 2714 quae
239 2662 367 2716 paffim
387 2674 600 2714 occurrant,
621 2679 718 2719 quae

81 2716 170 2758 satis
206 2729 322 2774 poeta
364 2719 478 2773 digna
514 2721 614 2775 fint,
640 2721 717 2764 alia

1239 764 1241 766 ι
1303 703 1425 767 Spar-

782 837 901 881 multa
920 840 1115 882 fastidium
1133 835 1287 889 legendi
1306 833 1422 874 affer-

782 912 824 938 re
852 897 997 953 possint'
1021 900 1083 947 ei,
1116 898 1184 952 qui
1205 893 1422 944 elegantiae

781 964 820 995 et
851 958 1032 1007 gravitati
1069 951 1309 1006 Virgilianae
1339 949 1424 995 ani-

781 1027 888 1052 mum
905 1012 1125 1054 adsuefecit.
1170 1009 1422 1061 Praecipuum

782 1072 947 1110 rationis
976 1071 1081 1110 istius
1119 1069 1292 1124 poeticae
1319 1063 1422 1103 indi-

783 1129 885 1167 cium
906 1128 980 1175 est,
1007 1123 1111 1181 quoii
1126 1125 1271 1163 Veneri
1285 1130 1419 1176 'partes

781 1185 900 1224 tradit
908 1186 1127 1223 animorum
1140 1180 1230 1221 luxu
1245 1191 1423 1219 corrum-

781 1241 1010 1295 pendorum.
1081 1242 1218 1293 Neque
1245 1236 1287 1277 id
1316 1248 1422 1274 nunc

781 1300 1000 1352 quaeritur,
1028 1310 1139 1352 quam
1161 1303 1248 1350 apta
1275 1307 1317 1333 ea
1341 1306 1424 1331 ma.

781 1356 955 1395 ehiuatio
977 1356 1030 1396 fit.
1087 1354 1247 1396 Constat
1264 1351 1365 1391 hunc
1375 1351 1421 1389 in

780 1415 890 1452 omni
910 1415 1080 1453 carmine
1106 1424 1255 1451 morem
1277 1405 1420 1448 servas-

779 1468 817 1509 se
859 1468 1021 1519 Silium,
1085 1468 1132 1508 de
1163 1481 1242 1522 quo
1283 1465 1418 1521 passim

779 1526 966 1568 nonnulla
986 1526 1165 1567 adnotata
1180 1524 1278 1564 sunt.
1289 1524 1420 1578 Enim.

780 1597 898 1632 vero,
924 1599 1009 1624 cum
1029 1581 1145 1624 semel
1173 1584 1228 1622 ita
1248 1579 1285 1620 se
1303 1589 1419 1635 poeta
1460 1611 1461 1614 ,

779 1641 1049 1697 comparasset,
1082 1651 1125 1681 ut
1143 1643 1313 1680 Deorum
1345 1638 1418 1676 mi·

777 1699 939 1739 nisterio
951 1706 1122 1738 uteretur
1138 1697 1185 1737 ad
1198 1693 1419 1749 exemplum

777 1766 948 1796 veterum
966 1749 1181 1811 p‘oetarum,
1211 1767 1311 1792 nunc
1328 1751 1419 1790 satis

778 1822 867 1866 apte
885 1812 1029 1853 dele&
1044 1813 1203 1854 Veneris
1225 1822 1343 1863 opera
1357 1810 1431 1865 Vi&

779 1868 912 1917 detur,
955 1871 1097 1924 partim
1134 1869 1186 1908 ob
1214 1868 1274 1907 rei
1304 1875 1417 1904 natu.

776 1939 882 1974 ram,
923 1929 1065 1981 partim
1095 1927 1184 1980 quia
1222 1926 1416 1962 Venerem

776 1981 954 2022 infestam
973 1984 1130 2033 Poenis,
1160 1981 1346 2022 Romanis
1371 1993 1414 2019 a·

774 2040 937 2088 micam,
972 2035 1098 2080 totum
1133 2051 1287 2080 carmen
1323 2050 1416 2091 pro-

774 2095 913 2151 posuit.
960 2100 1090 2146 Qiam
1107 2106 1234 2136 autem
1245 2096 1414 2149 Campa-

774 2155 840 2193 nia
861 2150 1105 2194 istaluxuries
1126 2154 1261 2194 Poenis
1282 2153 1414 2200 noxia,
1439 2203 1440 2206 Ἴ

772 2224 962 2266 quamque
989 2210 1097 2251 utilis
1121 2211 1305 2251 Romanis
1329 2208 1416 2248 sue-

770 2269 847 2317 rit,
876 2269 962 2323 quis
989 2269 1164 2320 ignorat?
1205 2270 1413 2308 Caeterum

773 2326 816 2364 in
839 2325 912 2364 hoc
933 2324 1022 2365 loco
1050 2324 1185 2365 Silium
1204 2334 1292 2364 ante
1322 2337 1414 2362 ocu-

774 2380 832 2421 los
851 2382 1019 2422 habuisse
1038 2381 1178 2434 Virgil.
1189 2382 1257 2423 lib.
1268 2384 1301 2428 Ι,
1311 2375 1364 2434 65
1370 2394 1413 2434 7.

773 2437 878 2492 seqq.
917 2440 984 2478 ubi
1030 2442 1160 2492 Venus
1204 2437 1412 2493 Cupidinis

774 2509 894 2549 opera
914 2496 1061 2536 Didoni
1090 2509 1260 2536 amorem
1288 2493 1411 2534 instil-

769 2551 854 2600 lat,
892 2554 969 2592 iam
1016 2553 1159 2593 Marsus
1194 2553 1413 2594 adnotavit.

772 2612 854 2650 Iam
895 2608 1037 2661 ungula
1085 2610 1296 2651 videamus.
1354 2633 1408 2642 -

776 2671 868 2720 388.
897 2681 993 2708 caeco
1006 2672 1119 2708 exitio
1135 2671 1262 2708 Venus
1278 2680 1411 2707 mentes

766 2728 926 2779 premit,
942 2725 1034 2767 dum
1044 2724 1250 2767 libidinem
1261 2724 1410 2795 luxum..

1337 2794 1414 2838 que
