1638 3126
380 648 445 708 C.
530 645 755 700 SlLll
829 639 1229 697 ITALICI

139 793 190 863 P
293 789 359 860 v
460 787 663 882 NI
762 783 822 853 c
919 782 1144 853 OR
1243 781 1309 853 v
1406 779 1481 850 M

588 960 869 1012 LIBER
937 958 1038 1013 XI..

509 1232 1121 1280 ARGVMENTVM.

142 1350 288 1438 Post·
306 1351 456 1394 cladem
483 1348 725 1406 Cannensem
751 1350 867 1392 multi
891 1347 1167 1391 Romanorum
1183 1345 1286 1401 socii
1312 1346 1371 1389 ad
1391 1345 1485 1389 Foe-

236 1424 326 1451 -nos
348 1410 563 1465 deficiunt;
601 1411 724 1451 etiam
752 1407 919 1462 Capua,
954 1407 1067 1448 cuius
1094 1406 1273 1447 civitatis
1302 1403 1487 1447 luxuries

144 1473 185 1508 et
200 1468 353 1521 perditi
371 1481 501 1510 mores
529 1464 828 1521 describuntur,
858 1464 989 1520 deficit
1009 1461 1169 1515 auffore
1195 1463 1373 1504 Pacuvio
1393 1475 1488 1518 quo·

139 1525 263 1573 dam,
290 1526 359 1579 qui
377 1524 623 1567 adhortatus
641 1522 876 1577 Capuanos,
905 1528 953 1563 ut
977 1522 1043 1562 ius
1068 1518 1212 1575 suum,
1241 1533 1319 1575 quo
1350 1516 1491 1572 Consul

149 1584 255 1623 alter
289 1595 340 1623 ex
370 1581 589 1637 Campanis
614 1582 854 1635 eligeretur,
875 1585 1093 1626 tenerent,
1132 1579 1289 1632 legatos
1317 1575 1490 1618 Romam

147 1639 298 1688 mittit,
324 1641 394 1693 qui
414 1639 459 1681 id
472 1639 729 1695 postularent.
788 1636 879 1679 Sed*
894 1635 937 1677 hi
949 1622 1212 1692 graviffimis*
1225 1635 1408 1676 conviciis
1428 1645 1491 1674 re-

146 1695 244 1750 pulsi
266 1708 296 1737 a
314 1697 490 1746 Senatu,
520 1695 630 1738 totos
642 1693 691 1748 se
707 1695 766 1738 ad
784 1693 1050 1737 Hannibalem
1079 1690 1299 1745 conferunt.
1369 1690 1491 1733 Solus

151 1752 300 1794 Decius
333 1752 555 1806 Campanos
580 1754 783 1805 increpat,
829 1753 1002 1792 iniuriae
1028 1763 1094 1791 eos
1118 1755 1158 1790 et
1180 1749 1355 1803 periurii
1379 1760 1492 1790 accu-

134 1807 268 1865 sans,
294 1807 373 1862 sed
395 1808 563 1866 frustra.
619 1809 791 1850 Interim
824 1807 1033 1849 Hannibal
1061 1808 1197 1860 copias
1230 1806 1288 1847 aci
1310 1804 1494 1859 Capuam

149 1867 349 1909 admovet.
439 1867 503 1908 lbi
527 1879 617 1908 cum
631 1862 852 1921 'audimffi’t
887 1863 1055 1906 Decium
1074 1863 1152 1919 fibi
1187 1869 1494 1917 repugnantem,

151 1925 287 1979 iratus
308 1925 350 1964 in
375 1924 513 1965 urbem
529 1929 739 1978 penetrat,
777 1922 1022 1975 Deciumque
1050 1919 1189 1962 acerbe
1216 1920 1495 1974 obiurgatum,

152 1982 304 2022 'catenis
325 1981 573 2023 vinciendum
586 1980 716 2022 iubet.
774 1979 864 2034 Quo
884 1977 999 2032 saffo
1020 1977 1246 2026 Hannibal,
1279 1978 1496 2030 explorata

152 2038 335 2086 civitate,
367 2039 426 2079 ad
449 2039 589 2092 epulas
595 2035 644 2092 se
662 2035 836 2091 confert,
865 2038 1069 2091 omnisque
1089 2035 1203 2086 miles
1222 2032 1269 2087 fi'
1293 2035 1367 2076 dat
1396 2032 1496 2076 hila·

139 2095 275 2137 *ritati
302 2101 342 2136 et
370 2097 558 2139 laetitiae.
616 2096 732 2137 Inter
759 2094 854 2136 haec
881 2094 1054 2135 Pacuvii
1071 2092 1213 2148 filius,
1240 2089 1427 2146 sobrius,
1456 2096 1497 2132 et

147 2154 286 2206 patris
304 2152 498 2207 confilium
512 2153 753 2207 repudians,
783 2152 841 2193 ad
856 2151 1018 2192 eundem
1046 2150 1219 2201 accedit,
1246 2152 1356 2203 eique
1381 2148 1496 2205 confi-

153 2210 249 2251 lium
257 2207 377 2262 suum
395 2211 528 2264 aperit
557 2210 799 2252 Hannibalis
824 2207 1034 2250 occidendi.
1093 2206 1183 2262 Qu‘o
1209 2209 1350 2248 audito
1373 2212 1498 2261 pater

154 2268 353 2308 attonitus
371 2267 521 2320 filium,
549 2268 696 2323 quibus
716 2267 841 2323 potest
866 2266 1121 2320 argumentis
1145 2265 1408 2318 precibusque
1430 2262 1500 2305 ab·

144 2324 296 2380 flerret
308 2354 320 2374 ‚
349 2329 471 2380 atque
488 2325 545 2367 ad
560 2327 701 2378 epulas
726 2324 918 2365 traducit.
975 2323 1108 2376 Mago
1125 2319 1261 2362 autem'
1280 2319 1501 2374 Carthagi·

156 2392 245 2421 nem
266 2380 488 2435 profeffus,
527 2384 710 2424 nuntium
724 2379 816 2435 fert
843 2379 1054 2434 Cannensis
1090 2377 1292 2420 viffom'ae.
1349 2377 1502 2420 Decius

157 2435 402 2491 Carthagini
416 2455 418 2457 ·
431 2439 671 2494 destinatus,
711 2439 937 2494 tempestate
964 2436 1023 2478 ad
1056 2435 1236 2490 Cyrenas
1272 2436 1501 2489 appellitur,

158 2494 292 2548 ibique
310 2495 590 2539 aPtolom'aeo
607 2509 705 2550 rege
722 2498 890 2537 vinculis
909 2495 1131 2542 liberatur,
1165 2493 1279 2547 apud
1299 2505 1417 2548 quem
1436 2492 1503 2533 de·

158 2552 251 2592 inde
277 2551 379 2593 diem
407 2552 504 2594 obiit
520 2551 769 2608 supremum.
861 2552 969 2593 Haec
992 2554 1088 2592 dum
1107 2548 1268 2603 Capuae
1284 2555 1503 2604 geruntur,

162 2607 301 2650 Venus
335 2609 564 2665 occasionem
595 2611 750 2652 Poenos
776 2608 968 2664 ptea‘endi
997 2608 1224 2661 arripiens,
1252 2608 1352 2649 luxu
1377 2620 1442 2648 eos
1467 2612 1506 2647 et

162 2665 311 2707 deliciis
342 2670 515 2708 emollire
543 2674 666 2722 atque
692 2680 885 2709 enervare
899 2666 1046 2722 studet.
1109 2663 1344 2719 Alloquitur
1371 2665 1506 2718 itaque
1591 2715 1596 2717 .

167 2721 393 2826 Cuqlidlineisl
393 2722 517 2778 suos,
557 2730 604 2767 ut
627 2725 674 2768 id
695 2731 795 2780 optes
820 2727 863 2766 in
885 2721 1111 2765 Hannibale
1139 2728 1179 2764 et
1196 2722 1390 2763 militibus
1408 2721 1507 2761 Poe·

262 2794 283 2820 o
301 2811 313 2824 .
393 2809 403 2822 .
915 2781 950 2819 Α
1117 2798 1120 2805 v
1445 2777 1508 2818 nis
