1638 3126
426 174 833 232 PVN‘ICORVM
887 184 1007 230 LIB.
1043 179 1142 233 ΧΠ.

114 308 231 357 Rura
259 303 512 352 evallantur·
543 316 652 353 mox
684 317 726 353 et
753 307 914 353 vicinus
941 307 1142 373 Aquinas,

115 379 194 430 Et,
229 392 333 439 quae
365 372 605 421 fumantem
635 387 772 422 texere
796 375 987 439 giganta,
1035 376 1254 441 Fregellae

69 454 72 463 '
115 449 310 523 Agmine
336 459 560 506 carpuntur
589 443 770 491 volucri.
817 446 911 490 Fert
937 447 1126 492 concitus
1147 446 1246 494 inde

1320 454 1452 508 ‘530

113 516 230 562 Per
219 531 315 576 iuga
342 510 451 559 cella
478 511 686 578 gradum,
721 510 834 559 duris
863 514 943 577 quii
973 514 1144 577 rupibus
1172 518 1317 564 haeret

113 582 299 630 Bell-ator
326 579 527 636 Frufino‚
556 594 597 627 et
624 578 757 644 surgit
785 578 977 645 suspensa
1006 588 1185 631 rumenti

111 648 256 700 Dorso
286 647 503 715 frugiferis
525 650 711 697 Cerealis
741 654 934 713 Anagnia
970 650 1119 715 glebis.

120 754 125 757 -
182 722 357 783 Iamque
382 717 489 766 adeo
512 718 570 765 est
595 736 772 780 campos
802 716 1004 782 ingressus
1033 732 1075 764 et
1102 737 1201 769 arva
1219 715 1379 778 Labici,

110 788 321 853 Linquens
358 786 577 853 Telegoni
612 785 795 853 pulsatos
824 791 952 835 ariete
980 805 1141 844 muros,

1350 805 1449 853 535

107 857 237 905 Haud
262 856 438 921 dignam
460 861 566 904 inter
583 871 695 904 tanta
714 873 901 903 moram.
932 842 1025 904 Nec
1040 875 1221 909 amoena
1242 860 1448 908 retentant'

51 926 54 928 V
107 920 291 991 Algida,
335 943 418 973 nex
450 930 559 974 iuxta
589 928 764 974 Iunonis
792 927 900 973 tedia
928 926 1134 976 Gabinae.

107 996 309 1059 Praeceps
335 992 387 1041 ad
423 1000 531 1060 ripas
561 998 744 1042 immani
775 995 941 1042 turbine
970 993 1118 1051 fertur,

108 1062 314 1111 Sulfureis
351 1064 518 1127 gelidus
549 1082 628 1128 qua
665 1063 791 1128 serpit
817 1063 970 1111 leniter
998 1063 1124 1111 undis

108 1131 178 1180 Ad
196 1136 434 1199 genitorem
445 1135 575 1188 Anio,
582 1132 734 1179 labens
753 1131 1333 1193 smemurmurQThybrim.
1348 1145 1444 1194 540

108 1203 200 1249 Hic
226 1216 269 1249 ut
298 1199 414 1281 ligna
445 1199 570 1256 ferox
599 1199 873 1266 dimensaque
900 1202 1029 1249 castra
1053 1202 1237 1259 locavit,

104 1381 221 1423 dicino
238 1390 276 1421 et
297 1381 379 1422 Cale
394 1396 430 1426 v.
452 1379 521 1424 lib.
532 1383 641 1434 VIII,
656 1396 744 1439 513.

103 1439 254 1479 Ibidem
289 1451 337 1492 52
342 1452 381 1493 ι)
411 1439 459 1478 de
485 1436 614 1492 ᾈΙΙῇς,
638 1443 744 1481 cuius

104 1492 242 1550 oppidi
259 1510 350 1548 ager
373 1496 494 1536 Iaccho
510 1498 607 1537 baud
636 1504 744 1542 inam.

104 1554 172 1593 ob
178 1555 262 1592 vini
285 1556 528 1608 proventum.
583 1558 640 1595 Ita
663 1558 739 1596 Ho-

103 1620 175 1651 rat
193 1610 482 1662 Od.11,6.18.
518 1602 744 1654 Authnssac-

97 1667 169 1707 cho
181 1671 336 1717 amicus,
362 1678 402 1708 et
420 1669 538 1712 satyr.
559 1673 608 1719 Η,
620 1674 659 1720 3
677 1683 743 1724 39.

101 1725 257 1777 Allifhni
291 1726 407 1766 calices
441 1700 655 1771 laudantur
685 1750 743 1760 --

107 1787 202 1834 523
235 1781 396 1832 cofinum
412 1795 503 1836 opp.
520 1784 562 1821 in
587 1783 742 1825 Volsco-

102 1851 190 1877 rum
231 1849 269 1876 et
307 1840 545 1892 Campaniae
590 1841 743 1890 finibus,

101 1903 206 1935 tram
223 1895 344 1934 Lirim
363 1896 486 1942 ficum,
506 1895 605 1935 unde
629 1898 742 1948 NJm

96 1951 186 2006 phas
206 1952 286 2003 Cas
307 1952 411 1993 dicit.
474 1964 566 2006 529.
601 1953 745 2011 Fregel-

103 2009 156 2049 las
175 2007 224 2046 ad
245 2010 362 2048 Lirim
381 2010 419 2048 fl.
439 2009 482 2048 in
504 2011 665 2060 regione
686 2014 743 2051 bi·

104 2066 264 2106 cuminis
282 2077 320 2105 et
348 2064 541 2120 sulphuris
565 2066 680 2121 plena
697 2069 743 2108 fi-

103 2132 161 2164 tas
179 2122 375 2171 indicam,
397 2124 602 2174 fumantem
621 2125 742 2179 texiffl

95 2184 249 2236 giganta
265 2181 417 2234 prodit,
442 2179 489 2219 de
516 2195 595 2235 quo
622 2183 742 2237 phan-

20 2262 22 2264 ν
102 2235 261 2278 tasmate
275 2238 445 2278 'diximus
462 2237 510 2277 ad
540 2235 609 2281 lib.
632 2241 742 2288 VIII,

105 2305 200 2349 540·
229 2293 285 2348 sq

163 2361 245 2404 530
261 2377 278 2386 ·
297 2360 363 2404 35.
392 2352 496 2390 Hinc
522 2364 593 2406 pet
626 2352 745 2391 Frufi·

103 2419 233 2447 narem
265 2417 303 2447 et
338 2409 584 2457 Anagninum
609 2421 744 2460 agrum

104 2466 151 2504 in
168 2464 399 2504 Labicanum
419 2465 535 2506 venit.
602 2466 666 2505 Ita
678 2468 744 2506 Li-

106 2523 192 2562 vius
211 2523 235 2564 l.
256 2535 287 2562 c.
306 2534 386 2574 cap.
404 2531 443 2574 9.
460 2521 491 2563 f.
525 2545 572 2554 —
608 2535 673 2574 per
690 2527 745 2563 iu·

107 2593 153 2630 qa
198 2578 302 2627 celsi,
338 2579 442 2616 inter
479 2576 668 2627 Fregellas
705 2588 744 2618 et

102 2625 325 2676 hunnum·
350 2635 427 2677 fita.
485 2636 544 2673 De
578 2637 744 2689 Anagnia

105 2707 144 2735 v.
164 2691 232 2733 lib.
253 2693 359 2740 vul,
382 2701 477 2745 394.
507 2693 622 2730 Nunc
651 2705 741 2746 poe-

103 2751 185 2792 tico
211 2759 352 2791 ornatu
363 2748 565 2804 fiespergl'm
581 2752 748 2791 tumenti

784 1272 878 1317 F2

1390 1273 1447 1317 Et

801 1382 920 1434 dor-sb,
945 1391 989 1422 ut
1005 1383 1047 1422 in
1068 1381 1165 1423 saxis
1183 1381 1363 1422 Hernicis
1377 1394 1447 1421 ex-

802 1442 977 1481 stmfflm
1008 1449 1047 1480 et
1086 1440 1284 1489 Cerealem,
1322 1437 1447 1489 frugi-

800 1498 948 1543 feram,
977 1491 1081 1537 dicii.
1110 1525 1113 1529 s
1159 1509 1253 1551 535.
1283 1496 1447 1550 linquens

808 1556 881 1596 Tel.
922 1553 1138 1604 Tusculum
1176 1568 1198 1594 a
1238 1554 1444 1605 Telegono

776 1598 997 1652 ‘conditam
1027 1613 1172 1653 urbem
1222 1626 1259 1651 v.
1287 1610 1336 1649 ad
1370 1609 1447 1652 lib.»

799 1670 1000 1723 v11,6‹)2.
1029 1684 1083 1698 -·“
1128 1670 1220 1711 tec‘ta
1244 1669 1326 1709 Iun.
1349 1665 1444 1708 Gab.

800 1727 967 1775 Gabios,
1004 1725 1051 1765 ad
1078 1721 1203 1767 lacum
1230 1721 1445 1775 Regillum,

800 1783 910 1837 supra
929 1783 1087 1831 Labico,
1111 1784 1220 1823 situm
1239 1780 1451 1840 oppidum,

799 1841 867 1879 ubi
888 1842 984 1880 Iuno
1005 1838 1213 1879 colebatur.

860 1901 960 1949 538
973 1907 1042 1950 41.
1074 1896 1224 1935 Deinde
1252 1893 1300 1934 ad
1324 1895 1442 1934 Anie-

798 1967 892 1992 mun
923 1954 1015 1994 fluv.
1050 1966 1126 2007 qua
1159 1952 1344 1994 Tiberim
1379 1954 1441 1991 in-

797 2011 908 2057 fluit,
947 2010 1065 2050 castra
1095 2011 1220 2064 ponit.
1280 2011 1443 2050 Novum

798 2066 882 2106 fere
906 2068 981 2114 est,
1021 2067 1124 2122 quod
1150 2067 1279 2107 leniter
1292 2067 1441 2118 serpere

798 2123 910 2163 illum
955 2097 1112 2164 fluvium
1165 2132 1278 2179 poeta
1331 2123 1451 2172 dicit,·¹

798 2195 885 2221 cum
912 2178 983 2220 alii
1011 2181 1215 2235 rapidum,
1250 2181 1451 2236 praecipit

799 2248 953 2292 temque
981 2237 1245 2292 prodiderint,
1287 2247 1329 2277 ut
1358 2239 1452 2277 HoJ

798 2305 872 2336 rat.
905 2294 973 2336 lib.
993 2295 1022 2336 Ι.
1059 2295 1134 2334 Od.
1153 2308 1193 2348 7,
1221 2306 1282 2347 13.
1320 2292 1442 2333 Ovid.

800 2355 889 2392 Am.
902 2355 971 2392 121.
991 2361 1030 2391 et
1050 2354 1117 2401 VI,
1136 2363 1205 2405 45.
1254 2351 1441 2402 Sulficreas

800 2408 920 2448 undas
949 2407 1082 2448 malim
1118 2409 1167 2447 ad
1201 2405 1372 2447 colorem
1399 2420 1441 2447 a·

801 2479 899 2519 quae
920 2464 1080 2511 referri,
1112 2478 1185 2518 pro
1213 2466 1353 2513 flavas,
1381 2461 1440 2504 ln·

800 2533 901 2570 teas,
927 2523 996 2576 qui
1014 2519 1163 2561 colores
1182 2520 1291 2575 saepe
1311 2521 1450 2561 stimi-³

801 2580 939 2627 nibus,
995 2589 1034 2618 et
1070 2579 1209 2618 Tiberi
1253 2579 1437 2630 inprimis

799 2636 1043 2685 tribuuntur,
1088 2635 1310 2689 praesertim
1350 2648 1438 2674 cum

797 2691 903 2731 idem
921 2693 1029 2733 Anio
1049 2693 1185 2747 gelidus
1200 2693 1360 2747 dicatur.
1396 2705 1438 2735 v.

798 2747 876 2806 sup
893 2748 962 2793 lib.
980 2740 1089 2799 vni,
1116 2762 1213 2805 402.
