1638 3126
497 180 896 231 PVNICORVM
950 178 1193 225 Maxu.
1256 197 1262 203 ’

162 295 417 347 Summiffas
435 296 623 350 tendunt
647 296 730 347 alta
757 293 810 345 ad
840 296 1054 364 Capitolia
1085 295 1265 359 dextras,

1452 188 1508 243 89

1404 303 1504 360 640
1555 350 1560 353 .

163 368 222 416 Et
247 365 347 415 festa
386 371 564 434 cingunt
592 371 754 416 montis
783 368 1012 433 penetralia
1042 367 1178 415 lauro.

164 436 292 484 'lum
322 438 481 493 vultus,
505 435 644 485 modo
671 454 764 485 non
790 454 924 502 parvo
950 434 1103 485 sudore
1125 433 1358 494 madentes,

162 505 294 554 Nunc
323 506 454 554 laetos
480 508 592 556 Iovis
621 504 758 572 aspefk

762 519 855 555 ant.
888 508 979 562 Da,
1012 503 1187 554 summe
1206 508 1421 564 Deorum,
1482 498 1487 505 ’

160 575 258 629 Da,
292 592 432 640 pater,
462 589 505 623 ut
536 573 655 623 sacro
682 576 813 636 Libys
842 579 950 622 inter
975 573 1139 639 proelia
1172 572 1261 623 telo

160 643 387 692 Concidat.
429 643 558 692 Haud
579 643 660 691 alia
679 647 790 709 potis
810 644 868 692 est
885 645 1144 691 occumbere
1172 642 1330 692 dextra.
1401 645 1498 707 645

228 715 300 760 Sic
329 712 436 761 adeo
465 728 631 761 orantes
660 709 841 779 pressere
874 712 1065 773 silentia,
1107 712 1337 778 postquam

157 781 396 830 Abstulerat
422 798 548 830 terras
576 783 839 848 nigrantibus
866 779 1082 849 Hesperus
1111 783 1299 829 umbris:

155 852 326 917 Qan,
361 850 488 900 fimul
512 853 707 900 attollens
731 852 976 901 rutilantem
998 849 1224 916 lampada,
1256 851 1398 900 Titan

155 921 331 977 Obruit,
364 934 408 968 et
438 926 546 969 vitae
574 919 696 968 rediit
723 920 974 969 mortalibus
1001 918 1127 977 usus(

152 983 320 1037 Poenus
348 989 490 1046 adest,
523 1009 602 1038 nec
632 988 675 1038 se
702 992 842 1039 castris
874 993 1080 1038 Oenotria
1102 990 1229 1054 pubes

1398 991 1500 1050 650

156 1059 378 1106 Continet.
407 1057 536 1118 Haud
556 1057 663 1107 dum
686 1058 803 1108 enses
825 1060 979 1122 sirleti,
1006 1057 1290 1124 mediumque
1308 1059 1468 1108 iacebat

153 1128 352 1175 Tantum
382 1126 435 1174 ad
466 1127 575 1175 bella
602 1129 715 1189 loci,
743 1126 947 1194 quantum
972 1126 1254 1176 transmittere
1276 1129 1412 1176 indiae

150 1195 403 1256 Sufficerent
427 1197 595 1252 hastae,
626 1215 729 1245 cum
758 1196 908 1263 fulgor
935 1195 1160 1245 hebescere
1189 1197 1303 1244 coeli

148 1267 228 1314 Per
257 1263 440 1313 subitum
471 1270 641 1332 coepit,
672 1264 906 1332 densaeque
937 1264 1075 1314 subire
1108 1267 1331 1324 tenebrae3

149 1339 293 1400 Atque
311 1333 397 1382 dies
418 1333 581 1400 fugere,
603 1349 726 1401 atque
746 1340 902 1384 armari
938 1334 990 1383 ad
1010 1336 1173 1402 proelia
1195 1334 1332 1384 rursus
1382 1339 1495 1401 655

147 1404 326 1467 Iupiter.
356 1406 616 1453 incumbunt
643 1409 781 1462 venti,
807 1401 1068 1470 crassusque,
1102 1415 1267 1453 rotante

145 1473 329 1528 Austro,
359 1475 617 1523 nimborum
646 1472 783 1524 fervet
814 1475 983 1541 globus.
1022 1480 1191 1525 Intonat
1208 1472 1311 1542 ipse,

661 1679 756 1711 .an
741 1689 806 1710 r.m

598 1677 726 1764 01ιίὅς4
760 1734 823 1765 pro

300 1677 379 1717 650.
408 1679 458 1710 ela
460 1677 554 1714 ulln's

258 1731 331 1752 rant
358 1723 484 1754 Roman

234 1767 312 1807 quia
335 1768 457 1799 eodem
476 1778 518 1798 ve

141 1888 218 1931 que
247 1878 424 1932 propitio
448 1878 542 1918 haec
558 1879 669 1919 fieri.
727 1879 785 1919 Eo

139 1935 339 1988 pertinent
389 1936 527 1976 vultus·
552 1936 648 1976 Iovis
684 1935 783 1985 laeti,

140 1992 330 2031 contrarii
339 1992 488 2043 sudori,
507 2006 586 2046 quo
610 2003 721 2032 antea
742 1993 786 2032 fi.

139 2046 352 2090 mulacrum
366 2052 469 2089 Iovis
485 2049 696 2099 maduerat,
716 2063 788 2089 no.

140 2115 185 2145 to
215 2116 422 2160 portento,
459 2108 501 2146 in
528 2108 640 2147 rebus
668 2108 788 2147 tristi-

138 2162 234 2210 bus,
271 2163 319 2202 de
341 2177 419 2217 quo
444 2178 487 2214 ν,
513 2163 561 2203 ad
581 2162 649 2206 lib.
668 2167 699 2214 1,
715 2169 785 2217 98.

140 2222 193 2254 ⁴-
224 2219 322 2275 644.
340 2222 452 2273 sacro
481 2221 576 2272 telo,
618 2220 785 2262 fulmine

140 2285 221 2317 tuo.

197 2333 296 2391 646.
338 2337 517 2376 variatae
559 2335 781 2392 descriptio·

140 2403 210 2429 nes
236 2392 361 2432 nostis
389 2394 630 2443 ingruentis,
669 2405 707 2434 et
726 2392 785 2434 se-

138 2449 293 2500 quentis
314 2448 395 2487 diei
411 2447 682 2492 illucescentis.
709 2452 787 2490 Co-

138 2501 241 2544 lores
258 2506 342 2559 quis
365 2507 544 2556 ignoret²
575 2508 686 2547 Titan
698 2507 786 2558 qu

133 2573 261 2617 perum
281 2561 426 2611 obruit,
465 2560 546 2602 luce
564 2562 629 2602 sua
648 2563 784 2603 obscu-

137 2629 222 2668 rat,
260 2620 426 2661 attollens
454 2620 555 2674 lantp.
587 2621 784 2674 graphice,

135 2675 377 2731 proferens
361 2675 495 2718 lucem.
525 2675 696 2729 Virgilio
722 2678 783 2718 Ίῖ-

136 2743 205 2777 m
222 2734 355 2777 extulit
372 2746 477 2777 orm
495 2735 674 2786 Aen.1V‚
689 2745 783 2793 119·

852 1547 886 1593 F
926 1557 950 1604 5
1393 1545 1496 1610 Qo

837 1678 1017 1722 quianon
1048 1677 1130 1710 inc
1131 1674 1244 1717 aium,
1272 1675 1382 1709 sedin
1408 1677 1496 1710 urbe

802 1724 890 1764 of
892 1725 945 1755 hir
985 1724 1039 1755 ied
1021 1734 1075 1755 em
1101 1724 1214 1756 Burm.
1246 1722 1340 1757 coni.
1365 1724 1493 1761 redire,

501 1766 573 1799 ersu
592 1766 675 1799 sm
654 1779 776 1802 tsv
781 1770 954 1811 lgatu
965 1769 1126 1810 Jbtm

842 1878 1052 1921 Caeterum
1083 1879 1214 1920 omnis
1262 1877 1371 1921 locu·
1404 1880 1494 1921 refl-

842 1939 926 1979 etus
959 1938 1013 1977 est
1040 1949 1089 1976 ex
1117 1937 1180 1975 hi·
1208 1938 1387 1979 Liffianin
1409 1951 1494 1993 cap.

849 2007 865 2036 1
878 2008 912 2037 1.
945 1993 1094 2046 Postero
1111 1993 1169 2033 die
1180 1991 1299 2034 eodeni
1317 1995 1393 2035 Ioco
1401 2000 1493 2035 acies

843 2048 1047 2104 infir-ilas,
1076 2051 1195 2091 eadem
1210 2051 1390 2105 tenpstac
1408 2048 1492 2092 ¹dir·-

843 2113 942 2150 emit.
980 2129 1038 2140 —
1106 2108 1203 2160 651.
1229 2110 1386 2150 medam
1405 2116 1494 2151 iace-

842 2166 906 2207 bat
923 2174 995 2206 ete.
1053 2167 1223 2221 Vtraque
1239 2168 1338 2207 acies
1347 2180 1396 2207 eo
1410 2169 1491 2208 iam

842 2222 1039 2279 progress'a
1070 2233 1175 2273 erat,
1214 2233 1256 2263 ut
1286 2224 1414 2264 hastae
1436 2226 1492 2264 ia-

841 2283 925 2322 &ae
950 2279 1115 2334 spatium
1145 2280 1351 2333 intefeffet.
1407 2284 1490 2323 Iam

842 2339 886 2378 in
911 2338 1140 2391 tempestatis
1159 2338 1387 2378 instauratae
1396 2340 1491 2379 ima·

842 2396 934 2446 gine
951 2393 1125 2449 expende
1145 2395 1271 2435 artem
1296 2409 1379 2436 non
1397 2410 1491 2436 con·

842 2450 1091 2491 temnendam
1110 2462 1251 2505 poetae
1262 2450 1411 2492 colores
1424 2467 1490 2492 va-

841 2507 995 2558 riandi,
1035 2520 1134 2574 quae
1159 2509 1213 2549 est
1230 2520 1317 2563 pars
1336 2511 1489 2561 ingenii

816 2574 822 2575 ’
841 2564 984 2605 Siliani
1002 2565 1171 2605 maxime
1191 2566 1352 2617 insignis
1371 2577 1409 2607 et
1430 2566 1488 2606 fe-

841 2635 924 2665 rax.
1020 2621 1119 2675 656.
1162 2624 1389 2675 incumbunt,
1425 2626 1489 2663 in·

841 2687 1007 2731 gruunt,
1035 2678 1215 2734 exemplo
1234 2679 1374 2732 virgil.
1392 2683 1489 2724 Aen.

839 2739 874 2790 1,
892 2740 962 2793 84.
992 2757 1049 2771 -
1077 2735 1391 2793 niubmnferv.
1408 2739 1488 2837 alg-

1469 2824 1487 2847 2
